<?xml version="1.0" encoding="UTF-8"?><collection><record><leader>07491ntm a2200613 a 4500</leader><controlfield tag="001">005964506</controlfield><controlfield tag="003">MiAaHDL</controlfield><controlfield tag="005">20190719000000.0</controlfield><controlfield tag="006">m        d        </controlfield><controlfield tag="007">cr bn ---auaua</controlfield><controlfield tag="008">090317s16uu    xx            00| ||ara d</controlfield><datafield tag="035" ind1=" " ind2=" "><subfield code="a">(MiU)005964506</subfield></datafield><datafield tag="035" ind1=" " ind2=" "><subfield code="a">sdr-miu005964506</subfield></datafield><datafield tag="040" ind1=" " ind2=" "><subfield code="a">MiU</subfield><subfield code="c">MiU</subfield></datafield><datafield tag="100" ind1="1" ind2=" "><subfield code="6">880-01</subfield><subfield code="a">Baghawī, al-Ḥusayn ibn Masʻūd,</subfield><subfield code="d">-1117?</subfield></datafield><datafield tag="240" ind1="1" ind2="0"><subfield code="6">880-02</subfield><subfield code="a">Maʻālim al-tanzīl</subfield></datafield><datafield tag="245" ind1="1" ind2="0"><subfield code="6">880-03</subfield><subfield code="a">Kitāb Maʻālim al-tanzīl,</subfield><subfield code="f">[late 17th century?].</subfield></datafield><datafield tag="246" ind1="3" ind2=" "><subfield code="i">Edge title:</subfield><subfield code="a">معالم التنزيل</subfield></datafield><datafield tag="260" ind1=" " ind2=" "><subfield code="c">[16--?].</subfield></datafield><datafield tag="300" ind1=" " ind2=" "><subfield code="a">407 leaves :</subfield><subfield code="b">paper ;</subfield><subfield code="c">285 x 175 (205 x 90) mm. bound to 285 x 180-190 mm.</subfield></datafield><datafield tag="500" ind1=" " ind2=" "><subfield code="a">Shelfmark: Ann Arbor, University of Michigan, Special Collections Library, Isl. Ms. 4</subfield></datafield><datafield tag="500" ind1=" " ind2=" "><subfield code="a">Origin: Lacks dated colophon. Paper and ownership statements suggest late 17th century.</subfield></datafield><datafield tag="500" ind1=" " ind2=" "><subfield code="a">Accompanying materials: a. Folded scrap with sums (paginated pp.113-116) -- b. Entire quaternion from another manuscript (paginated pp.337-352) -- c. Folded slip with "دعاء ايمان" (paginated pp.483-486).</subfield></datafield><datafield tag="500" ind1=" " ind2=" "><subfield code="a">Former shelfmark: British Museum, London "No. 27. Maalim al-tanzil."</subfield></datafield><datafield tag="500" ind1=" " ind2=" "><subfield code="a">Binding: Pasteboards covered in tan brown leather ; Type II binding (with flap) ; board linings and interior of flap in yellow paper ; upper and lower covers bear large, blind-stamped, scalloped mandorla with red-brown leather recessed onlays and gold-painted accents, along with guilloché roll border consisting of a series of s-shaped stamps ; sewn in pink and yellow-brown thread, two stations ; endbands in cream, headband partly gone, only traces of primaries and core remain for tailband ; in poor condition with abrasion, staining, severe lifting and losses of leather at fore-edge flap, upper cover fully detached, delamination of boards, some loose quires, and spine slant (cocked) ; housed in box for protection.</subfield></datafield><datafield tag="500" ind1=" " ind2=" "><subfield code="a">Support: European laid paper in what appears to be several types with spacing of chain lines ranging from 16-20 mm. apart to 27-28 mm. apart and spacing of laid lines ranging from 9 laid lines per cm. to 12 laid lines per cm. ; numerous watermarks including three hats, horn, three circles with initials and cross above, etc. ; various types seem fairly evenly distributed throughout the codex, even within each quire ; crisp and not too thick, though sturdy ; varying from lightly burnished to well-burnished and nearly glossy ; some leaves with a yellowish tint ; some staining and leather burn.</subfield></datafield><datafield tag="500" ind1=" " ind2=" "><subfield code="a">Decoration: Simple illuminated headpiece (ʻunwān) on fol.1b (p.2) consisting of scalloped semi-circular piece (dome) in gold, outlined in red and surmounted by vertical stalks (tīgh) in blue ; written area of incipit and facing page bordered in frame with gold band outlined by black, red, and blue fillets ; textual dividers in the form of discs, commas, etc. in red and green ; text rubricated with headings, keywords, overlining, text of Qurʼān being commented upon, etc. in red ; some notabilia (side-heads) and keywords in green.</subfield></datafield><datafield tag="500" ind1=" " ind2=" "><subfield code="a">Script: Naskh ; elegant Turkish or Persian hand ; virtually serifless, but head-serifs appearing irregularly on final alif (left-sloping), lām of definite article, etc. ; mainly closed counters ; some sweeping descenders ; free assimilation of some letters including final alif and following alif or lām, final hāʼ and dāl, etc.</subfield></datafield><datafield tag="500" ind1=" " ind2=" "><subfield code="a">Layout: Written in 35 lines per page ; frame-ruled.</subfield></datafield><datafield tag="500" ind1=" " ind2=" "><subfield code="a">Collation: 35 V (350), IV(358), 4 V(398), IV+1 (407) ; chiefly quinions ; quire numbering in the form of Hindu-Arabic numerals accompanying an initial kāf appearing in the upper outer corner of the recto of the first leaf of each quire from quire 2 through quire 12 ; catchwords present ; pagination in pencil, Western numerals, supplied during digitization (includes inserts).</subfield></datafield><datafield tag="500" ind1=" " ind2=" "><subfield code="a">Explicit: "واني خفت الموالي والموالي بنو العم وقال مجاهد العصبة وقال ابو صالح الكلالة وقال الكلبي الورثة"</subfield></datafield><datafield tag="500" ind1=" " ind2=" "><subfield code="a">Incipit: "اخبرنا الشيخ الامام الفقيه ... المريدي رحمه الله تعالى قال اخبرنا الشيخ الامام ... الهرري قرأة عليه قال ثنا شيخنا الامام ... ابو محمد الحسين بن مسعود المعروف بالفرا رضي الله عنه اجازة ان لم يكن سماعا قال الحمد لله ذي العظمة والكبرياء والعزة والبقاء ... اما بعد فان الله جل ذكره ارشد رسوله بالهدى ودين الحق رحمة للعالمين ..."</subfield></datafield><datafield tag="500" ind1=" " ind2=" "><subfield code="a">Title from titlepiece on fol.1a (p.1).</subfield></datafield><datafield tag="500" ind1=" " ind2=" "><subfield code="a">Ms. codex.</subfield></datafield><datafield tag="505" ind1="0" ind2=" "><subfield code="a">4. fol.406a-fol.407b : [blank].</subfield></datafield><datafield tag="505" ind1="0" ind2=" "><subfield code="a">3. fol.359a-fol.405b : al-Juzʼ al-thālith min Maʻālim al-tanzīl fī tafsīr al-Qurʼān.</subfield></datafield><datafield tag="505" ind1="0" ind2=" "><subfield code="a">2. fol.358a-fol.358b : [blank].</subfield></datafield><datafield tag="505" ind1="0" ind2=" "><subfield code="a">1. fol.1a-fol.357b : al-Rubʻ [al-awwal wa-]al-thānī min Tafsīr al-Baghawī.</subfield></datafield><datafield tag="510" ind1="4" ind2=" "><subfield code="a">Brockelmann, C. GAL,</subfield><subfield code="c">I, 447</subfield></datafield><datafield tag="520" ind1=" " ind2=" "><subfield code="a">Fine copy of the first three quarters of al-Baghawī's celebrated commentary on the Qurʼān. Third quarter appears incomplete as it ends abruptly in Sūrat Maryam (19).</subfield></datafield><datafield tag="538" ind1=" " ind2=" "><subfield code="a">Mode of access: Internet.</subfield></datafield><datafield tag="541" ind1=" " ind2=" "><subfield code="c">Purchase ;</subfield><subfield code="a">Acquired by purchase along with Abdul Hamid Collection (funds donated by Horace Rackham).</subfield><subfield code="d">1924.</subfield></datafield><datafield tag="546" ind1=" " ind2=" "><subfield code="a">Arabic.</subfield></datafield><datafield tag="561" ind1=" " ind2=" "><subfield code="a">Bookplate of British Museum, London on inner front cover, "British Museum, London. No. 27. Maalim al-tanzil." ; circular seal impression with figure of goat/gazelle in purple ink as well as inscription "234" in Western numerals on fol.1a (p.1) ; also on fol.1a (p.1) ex libris for the manuscript's patron, Muṣṭafá Aghā ibn Qāsim Aghā, reads "برسم الجناب العالي صاحب الفضل المتوالي ... حضرة مصطفى اغا ابن المحفوف بالرحمة العزاء المغفور له قاسم اغا ابقاه الله البقاء الجميل ..." ; also on fol.1a (p.1) ownership statement "ثم دخل الى ملك العبد الفقير الشيخ مصطفى ابن الشيخ محمد الارزنجاني عفي عنهما" and waqf statement (dated 1st of Dhū al-Ḥijjah 1115 H [April 1704 M]) both in name of al-Shaykh Muṣṭafá ibn al-Shaykh Muḥammad al-Arzanjānī, each accompanied by rectangular seal impression in his name (repeated elsewhere throughout) ; also on fol.1a (p.1) unpointed statement reading "الفقير اليه اغا [؟] عبد المفتى ارزنجانى" ; a few marginal corrections.</subfield></datafield><datafield tag="630" ind1="0" ind2="0"><subfield code="a">Qurʼan</subfield><subfield code="v">Commentaries</subfield><subfield code="v">Early works to 1800.</subfield></datafield><datafield tag="650" ind1=" " ind2="0"><subfield code="a">Manuscripts, Arabic</subfield><subfield code="z">Michigan</subfield><subfield code="z">Ann Arbor.</subfield></datafield><datafield tag="655" ind1=" " ind2="7"><subfield code="a">Headpieces (layout features)</subfield><subfield code="y">17th century.</subfield><subfield code="2">aat</subfield></datafield><datafield tag="700" ind1="0" ind2=" "><subfield code="6">880-05</subfield><subfield code="a">Muṣṭafá Aghā ibn Qāsim Aghā,</subfield><subfield code="e">patron.</subfield></datafield><datafield tag="700" ind1="0" ind2=" "><subfield code="6">880-06</subfield><subfield code="a">Muṣṭafá ibn Muḥammad al-Arzanjānī,</subfield><subfield code="d">fl. 1704,</subfield><subfield code="e">former owner.</subfield></datafield><datafield tag="773" ind1="0" ind2=" "><subfield code="a">Tiflis Collection.</subfield></datafield><datafield tag="880" ind1="0" ind2=" "><subfield code="6">700-05/</subfield><subfield code="a">مصطفى اغا بن قاسم اغا،</subfield><subfield code="e">راع.</subfield></datafield><datafield tag="880" ind1="0" ind2=" "><subfield code="6">700-06/</subfield><subfield code="a">مصطفى بن محمد الارزنجاني،</subfield><subfield code="e">مالك سابق.</subfield></datafield><datafield tag="880" ind1="1" ind2="0"><subfield code="6">245-03/</subfield><subfield code="a">كتاب معالم التنزيل,</subfield><subfield code="f">[اواخر القرن 17م؟].</subfield></datafield><datafield tag="880" ind1="1" ind2="0"><subfield code="6">240-02/</subfield><subfield code="a">معالم التنزيل</subfield></datafield><datafield tag="880" ind1="1" ind2=" "><subfield code="6">100-01/</subfield><subfield code="a">بغوي, الحسين بن مسعود,</subfield><subfield code="d">ت. 1117?</subfield></datafield><datafield tag="CID" ind1=" " ind2=" "><subfield code="a">005964506</subfield></datafield><datafield tag="DAT" ind1="0" ind2=" "><subfield code="a">20190719102633.0</subfield><subfield code="b">20190719000000.0</subfield></datafield><datafield tag="DAT" ind1="1" ind2=" "><subfield code="a">20190719090653.0</subfield><subfield code="b">2019-07-19T16:11:06Z</subfield></datafield><datafield tag="DAT" ind1="2" ind2=" "><subfield code="a">2015-10-10T18:00:06Z</subfield></datafield><datafield tag="CAT" ind1=" " ind2=" "><subfield code="a">SDR-MIU</subfield><subfield code="d">EX LIBRIS - ALEPH</subfield><subfield code="l">prepare.pl-004-008</subfield></datafield><datafield tag="FMT" ind1=" " ind2=" "><subfield code="a">BK</subfield></datafield><datafield tag="HOL" ind1=" " ind2=" "><subfield code="0">sdr-miu005964506</subfield><subfield code="a">MiU</subfield><subfield code="b">SDR</subfield><subfield code="c">MIU</subfield><subfield code="p">mdp.39015079105097</subfield><subfield code="s">MIU</subfield><subfield code="1">005964506</subfield></datafield><datafield tag="974" ind1=" " ind2=" "><subfield code="b">MIU</subfield><subfield code="c">MIU</subfield><subfield code="d">20190719</subfield><subfield code="s">lit-dlps-dc</subfield><subfield code="u">mdp.39015079105097</subfield><subfield code="y">1699</subfield><subfield code="r">pd</subfield><subfield code="q">bib</subfield><subfield code="t">non-US bib date1 &lt; 1896</subfield></datafield></record></collection>